<record><leader>00000cas a22000007a 4500</leader><controlfield tag="001">11659153</controlfield><controlfield tag="008">850205d18781879inuwr ne      0    0eng d</controlfield><datafield ind1=" " ind2=" " tag="010"><subfield code="a">sn 85038035 </subfield></datafield><datafield ind1=" " ind2=" " tag="040"><subfield code="a">NPY</subfield><subfield code="b">eng</subfield><subfield code="c">NPY</subfield><subfield code="d">NPI</subfield><subfield code="d">YOX</subfield><subfield code="d">NPI</subfield><subfield code="d">OCLCQ</subfield><subfield code="d">KRTAS</subfield><subfield code="d">OCLCQ</subfield></datafield><datafield ind1=" " ind2=" " tag="042"><subfield code="a">msc</subfield></datafield><datafield ind1="0" ind2=" " tag="130"><subfield code="a">Herald-Democrat (Frankin, Ind.)</subfield></datafield><datafield ind1="1" ind2="4" tag="245"><subfield code="a">The herald-Democrat.</subfield></datafield><datafield ind1=" " ind2=" " tag="260"><subfield code="a">Frankin, Ind. :</subfield><subfield code="b">W.S. Bliss</subfield></datafield><datafield ind1=" " ind2=" " tag="300"><subfield code="a">v. :</subfield><subfield code="b">ill. (chiefly advertisements) ;</subfield><subfield code="c">72 cm.</subfield></datafield><datafield ind1=" " ind2=" " tag="310"><subfield code="a">Weekly</subfield></datafield><datafield ind1="1" ind2=" " tag="362"><subfield code="a">Began in 1878; ceased in July 1879.</subfield><subfield code="z">Cf. Miller, John W. Ind. newspaper bib.</subfield></datafield><datafield ind1=" " ind2=" " tag="500"><subfield code="a">"Official paper, and organ of the democracy of Johnson County."</subfield></datafield><datafield ind1=" " ind2=" " tag="588"><subfield code="a">Description based on: Old ser., v. 8, no. 38 (May 3, 1878) = n.s., v. 2, no. 23.</subfield></datafield><datafield ind1=" " ind2="4" tag="651"><subfield code="a">Franklin (Ind.)</subfield><subfield code="v">Newspapers.</subfield></datafield><datafield ind1=" " ind2=" " tag="752"><subfield code="a">United States</subfield><subfield code="b">Indiana</subfield><subfield code="c">Johnson</subfield><subfield code="d">Franklin.</subfield></datafield><datafield ind1="0" ind2="4" tag="780"><subfield code="t">Democrat (Franklin, Ind. : 1876)</subfield><subfield code="w">(DLC)sn 85038034</subfield></datafield><datafield ind1="0" ind2="4" tag="780"><subfield code="t">Democratic herald (Franklin, Ind.)</subfield><subfield code="w">(DLC)sn 85047715</subfield></datafield><datafield ind1="0" ind2="0" tag="785"><subfield code="t">Democrat (Franklin, Ind. : 1879)</subfield><subfield code="w">(DLC)sn 85038036</subfield></datafield><datafield ind1=" " ind2=" " tag="938"><subfield code="a">Kirtas Technologies, Inc.</subfield><subfield code="b">KRTS</subfield><subfield code="n">738998</subfield></datafield><datafield ind1="1" ind2=" " tag="029"><subfield code="a">AU@</subfield><subfield code="b">000020348553</subfield></datafield></record>